@article{dia2006mining,
	  title={mining social networks for targeted advertising},
	    author={Dia, Wan-Shiou Yang Jia-Ben and Lin, Hung-Chi Cheng Hsing-Tzu},
		  journal={System},
		    year={2006}
}


@inproceedings{kessl2014parallel,
	  title={Parallel Graph Mining with GPUs},
	    author={Kessl, Robert and Talukder, Nilothpal and Anchuri, Pranay and Zaki, Mohammed J},
		  booktitle={Proceedings of the 3rd International Workshop on Big Data, Streams and Heterogeneous Source Mining: Algorithms, Systems, Programming Models and Applications},
		    pages={1--16},
			  year={2014}
}

@article{ullmann1976algorithm,
	  title={An algorithm for subgraph isomorphism},
	    author={Ullmann, Julian R},
		  journal={Journal of the ACM (JACM)},
		    volume={23},
			  number={1},
			    pages={31--42},
				  year={1976},
				    publisher={ACM}
}

@inproceedings{yan2002gspan,
	  title={gspan: Graph-based substructure pattern mining},
	    author={Yan, Xifeng and Han, Jiawei},
		  booktitle={Data Mining, 2002. ICDM 2003. Proceedings. 2002 IEEE International Conference on},
		    pages={721--724},
			  year={2002},
			    organization={IEEE}
}

@inproceedings{vasilyeva2014graphmcs,
	  title={GraphMCS: Discover the Unknown in Large Data Graphs.},
	    author={Vasilyeva, Elena and Thiele, Maik and Bornh{\"o}vd, Christof and Lehner, Wolfgang},
		  booktitle={EDBT/ICDT Workshops},
		    pages={200--207},
			  year={2014}
}

@inproceedings{dayarathna2012xgdbench,
	  title={Xgdbench: A benchmarking platform for graph stores in exascale clouds},
	    author={Dayarathna, Miyuru and Suzumura, Toyotaro},
		  booktitle={Proceedings of the 2012 IEEE 4th International Conference on Cloud Computing Technology and Science (CloudCom)},
		    pages={363--370},
			  year={2012},
			    organization={IEEE Computer Society}
}

@inproceedings{dayarathna2014towards,
	  title={Towards scalable distributed graph database engine for hybrid clouds},
	    author={Dayarathna, Miyuru and Suzumura, Toyotaro},
		  booktitle={Proceedings of the 5th International Workshop on Data-Intensive Computing in the Clouds},
		    pages={1--8},
			  year={2014},
			    organization={IEEE Press}
}

@article{dayarathna2013graph,
	  title={Graph database benchmarking on cloud environments with XGDBench},
	    author={Dayarathna, Miyuru and Suzumura, Toyotaro},
		  journal={Automated Software Engineering},
		    pages={1--25},
			  year={2013},
			    publisher={Springer}
}


@inproceedings{gonzalez2012powergraph,
	  title={PowerGraph: Distributed Graph-Parallel Computation on Natural Graphs.},
	    author={Gonzalez, Joseph E and Low, Yucheng and Gu, Haijie and Bickson, Danny and Guestrin, Carlos},
		  booktitle={OSDI},
		    volume={12},
			  number={1},
			    pages={2},
				  year={2012}
}

@article{kyrola2014graphchi,
	  title={GraphChi-DB: Simple Design for a Scalable Graph Database System--on Just a PC},
	    author={Kyrola, Aapo and Guestrin, Carlos},
		  journal={arXiv preprint arXiv:1403.0701},
		    year={2014}
}

@article{yang2014slq,
	  title={SLQ: A User-friendly Graph Querying System},
	    author={Yang, Shengqi and Xie, Yanan and Wu, Yinghui and Wu, Tianyu and Sun, Huan and Wu, Jian and Yan, Xifeng},
		  year={2014}
}

@article{yang2014schemaless,
	  title={Schemaless and Structureless Graph Querying},
	    author={Yang, Shengqi and Wu, Yinghui and Sun, Huan and Yan, Xifeng},
		  journal={Proceedings of the VLDB Endowment},
		    volume={7},
			  number={7},
			    year={2014}
}

@inproceedings{vasilyeva2014top,
	  title={Top-k Differential Queries in Graph Databases},
	    author={Vasilyeva, Elena and Thiele, Maik and Bornh{\"o}vd, Christof and Lehner, Wolfgang},
		  booktitle={Advances in Databases and Information Systems},
		    pages={112--125},
			  year={2014},
			    organization={Springer}
}

@article{chaoji2008integrated,
	  title={An integrated, generic approach to pattern mining: data mining template library},
	    author={Chaoji, Vineet and Al Hasan, Mohammad and Salem, Saeed and Zaki, Mohammed J},
		  journal={Data Mining and Knowledge Discovery},
		    volume={17},
			  number={3},
			    pages={457--495},
				  year={2008},
				    publisher={Springer}
}
